<?xml version="1.0" encoding="UTF-8"?><collection><record><leader>07644ntm a2200661 a 4500</leader><controlfield tag="001">006825638</controlfield><controlfield tag="003">MiAaHDL</controlfield><controlfield tag="005">20190719000000.0</controlfield><controlfield tag="006">m        d        </controlfield><controlfield tag="007">cr bn ---auaua</controlfield><controlfield tag="008">090626s193u    xx            00| ||ara d</controlfield><datafield tag="035" ind1=" " ind2=" "><subfield code="a">(MiU)006825638</subfield></datafield><datafield tag="035" ind1=" " ind2=" "><subfield code="a">sdr-miu006825638</subfield></datafield><datafield tag="040" ind1=" " ind2=" "><subfield code="a">MiU</subfield><subfield code="c">MiU</subfield><subfield code="e">amremm</subfield></datafield><datafield tag="043" ind1=" " ind2=" "><subfield code="a">n-us-mi</subfield></datafield><datafield tag="100" ind1="1" ind2=" "><subfield code="6">880-01</subfield><subfield code="a">Ṣadr al-Dīn Shīrāzī, Muḥammad ibn Ibrāhīm,</subfield><subfield code="d">-1641.</subfield></datafield><datafield tag="245" ind1="1" ind2="0"><subfield code="6">880-03</subfield><subfield code="a">[Asrār al-āyāt wa-anwār al-bayyināt ... etc.,</subfield><subfield code="f">193-?].</subfield></datafield><datafield tag="246" ind1="3" ind2="8"><subfield code="a">اسرار الآيات</subfield></datafield><datafield tag="246" ind1="3" ind2=" "><subfield code="i">Title from inscription on 'title page' (p.1):</subfield><subfield code="a">كتاب اسرار الايات</subfield></datafield><datafield tag="260" ind1=" " ind2=" "><subfield code="c">[193-?].</subfield></datafield><datafield tag="300" ind1=" " ind2=" "><subfield code="a">213 leaves :</subfield><subfield code="b">paper ;</subfield><subfield code="c">312 x 210-215 mm. bound to 322 x 222 mm.</subfield></datafield><datafield tag="500" ind1=" " ind2=" "><subfield code="a">Shelfmark: Ann Arbor, University of Michigan, Special Collections Library, Isl. Ms. 922</subfield></datafield><datafield tag="500" ind1=" " ind2=" "><subfield code="a">Origin: Lacks dated colophon ; likely copied in Egypt in the late 1930s and bound for James Heyworth-Dunne (d.1974). Copy perhaps partly made from a printed edition.</subfield></datafield><datafield tag="500" ind1=" " ind2=" "><subfield code="a">Former shelfmark: Mich. Isl. Ms. temp. no. 71</subfield></datafield><datafield tag="500" ind1=" " ind2=" "><subfield code="a">Binding: Boards covered in dark green cloth with dark green leather over spine (quarter binding) ; pastedowns and flyleaves in wove paper printed with a floral vegetal pattern in green ; spine gold-stamped with title and decorative accents over raised bands "اسرار الآيات | الشيرازي | J.H.D." ; sewing difficult to examine ; stuck-on endbands (blue and white stripe) ; overall in fairly good condition.</subfield></datafield><datafield tag="500" ind1=" " ind2=" "><subfield code="a">Support: Wove paper of two distinct types, one lined and one unlined.</subfield></datafield><datafield tag="500" ind1=" " ind2=" "><subfield code="a">Decoration: Many opening headings and passages executed in contrasting purple ink ; others simply larger and bolded.</subfield></datafield><datafield tag="500" ind1=" " ind2=" "><subfield code="a">Script: Naskh and ruqʻah ; two or three modern hands in a medium to bold line ; naskh partially but irregularly seriffed with slight effect of inclination to the left, curvilinear descenders, open and closed counters, words adhering to baseline, some elongation of horizontal strokes, occasionally more carefully executed ; ruqʻah, compact hand with slight effect of inclination to the right, serifless and freely ligatured with pointing somewhat careless and in strokes rather than distinct dots.</subfield></datafield><datafield tag="500" ind1=" " ind2=" "><subfield code="a">Layout: Written in 21-25 lines per page.</subfield></datafield><datafield tag="500" ind1=" " ind2=" "><subfield code="a">Collation: Pages between some sections left blank (see pp.37-40, 71-71) ; pagination in pencil, Hindu-Arabic numerals (first sixteen pages only) ; pagination in pencil, Western numerals, supplied during cataloguing.</subfield></datafield><datafield tag="500" ind1=" " ind2=" "><subfield code="a">Colophon: [Asrār al-āyāt] "Scribal," reads "تمت هذه النسخة الشريفة المسماه باسرار الآيات وانوار البينات للمحقق القويم صدر الدين الشيرازي الشهير وسوف نتبعها ان شاء الله تع بمتن العرشية ومتن المشاعر"</subfield></datafield><datafield tag="500" ind1=" " ind2=" "><subfield code="a">Incipit: [preface] "نحمدك اللهم يا من تحيرت [؟] في بيداء كبريائه الالباب وغرقت في بحار معرفته عقول الاولياء ... وبعد فان هذا الكتاب المستطاب الذي هو قرة عيون اولى الالباب الموسوم باسرار الآيات وانوار البينات من مصنفات الحكيم الكامل ... صدر الحق والملة والدين محمد بن ابراهيم الشهير بصدر المتالهين الشيرازي ..." [Asrār al-āyāt] "هذا كتاب اسرار الآيات وانوار البينات لامام المتألهين محمد المعروف بصدر المتألهين الشيرازي طاب ثراه بسم الله الرحمن الرحيم ... نحمدك اللهم يا من بيده ملكوت الارض والسماء واليه تتشوق الكائنات ... اما بعد فيقول انزل خلق الله واحوجهم الى كرامة رب العالمين محمد المدعو بصدر الدين هذا بيان للناس وهدى ورحمة للمتقين ..." [Kitāb al-Mashāʻir] "نحمد الله ونستعين بقوته التي اقام بها ملكوت الارض والسماء وبكلمته التي انشأ بها نشأتي الآخرة والاولى على تهذيب القوى القابلة للاستكمال ... وبعد فان اقل الخلائق قدرا وجرما واكثرهم خطأ وجرما محمد الشتهر بصدر الدين الشيرازي يقول ايها الاخوان السالكون الى الله بنور العرفان ..." [al-ʻArshīyah] "الحمد لله الذي جعلنا ممن شرح صدره بالاسلام فهو على نور من ربه ... اما بعد فيقول العبد الذليل المحتاج الى عفو الرب الجليل ... هذه رسالة اذكر فيها طائفة من المسائل الربوبية ..."</subfield></datafield><datafield tag="500" ind1=" " ind2=" "><subfield code="a">Title from preface on p.1 and heading preceding opening on p.2.</subfield></datafield><datafield tag="500" ind1=" " ind2=" "><subfield code="a">Ms. codex.</subfield></datafield><datafield tag="505" ind1="0" ind2=" "><subfield code="a">3. p.326-p.425 : Matn al-ʻArshīyah / Muḥammad ibn Ibrāhīm Ṣadr al-Dīn al-Shīrāzī.</subfield></datafield><datafield tag="505" ind1="0" ind2=" "><subfield code="a">2. p.268-p.326 : Kitāb al-Mashāʻir / Muḥammad ibn Ibrāhīm Ṣadr al-Dīn al-Shīrāzī.</subfield></datafield><datafield tag="505" ind1="0" ind2=" "><subfield code="a">1. p.2-p.267 : Asrār al-āyāt wa-anwār al-bayyināt / Muḥammad ibn Ibrāhīm Ṣadr al-Dīn al-Shīrāzī.</subfield></datafield><datafield tag="510" ind1="4" ind2=" "><subfield code="a">MacEoin, D. "Mullā Ṣadrā S̲H̲īrāzī Ṣadr al-Dīn Muḥammad b. Ibrāhīm Ḳawāmī S̲h̲īrāzī." In EI2,</subfield><subfield code="c">vol. VII, p.547, col. 2</subfield></datafield><datafield tag="510" ind1="4" ind2=" "><subfield code="a">Brockelmann, C. GAL,</subfield><subfield code="c">II 413 ; S II 588-9</subfield></datafield><datafield tag="520" ind1="8" ind2=" "><subfield code="a">Careful copy of the treatise on Qurʼān interpretation by the renowned Ṣafavid philosopher Mullā Ṣadrā Shīrāzī (d.1640), followed by his Kitāb al-Mashāʻir, on ontology, and al-Ḥikmah al-ʻarshīyah, the popular work on knowledge of God and eschatology.</subfield></datafield><datafield tag="538" ind1=" " ind2=" "><subfield code="a">Mode of access: Internet.</subfield></datafield><datafield tag="541" ind1=" " ind2=" "><subfield code="a">Acquired in the Fall of 1950.</subfield></datafield><datafield tag="546" ind1=" " ind2=" "><subfield code="a">Arabic.</subfield></datafield><datafield tag="561" ind1=" " ind2=" "><subfield code="a">On upper pastedown label with ex libris of James Heyworth-Dunne (d.1974), stamped with inventory number, "Ex Libris | J. Heyworth-Dunne | D. Lit. (London) | No 7963" ; UM Library inscription on p.3 "Dunning | Heyworth-Dunne | 6-11-51 | 71955" ; possible former inventory mark in pencil on ’title page’ (p.1) "231 / 53" ; numerous marginal glosses and occasional corrections ; pp.69-70 carries excerpts in several different inks (purple, red and black) perhaps serving as pen trials.</subfield></datafield><datafield tag="630" ind1="0" ind2="0"><subfield code="a">Qurʼan</subfield><subfield code="x">Criticism, interpretation, etc.</subfield><subfield code="v">Early works to 1800.</subfield></datafield><datafield tag="650" ind1=" " ind2="0"><subfield code="a">Manuscripts, Arabic</subfield><subfield code="z">Michigan</subfield><subfield code="z">Ann Arbor.</subfield></datafield><datafield tag="650" ind1=" " ind2="0"><subfield code="a">Sufism</subfield><subfield code="v">Early works to 1800.</subfield></datafield><datafield tag="650" ind1=" " ind2="0"><subfield code="a">Metaphysics</subfield><subfield code="v">Early works to 1800.</subfield></datafield><datafield tag="650" ind1=" " ind2="0"><subfield code="a">Ontology</subfield><subfield code="v">Early works to 1800.</subfield></datafield><datafield tag="650" ind1=" " ind2="0"><subfield code="a">Islamic philosophy</subfield><subfield code="v">Early works to 1800.</subfield></datafield><datafield tag="700" ind1="1" ind2="2"><subfield code="6">880-07</subfield><subfield code="a">Ṣadr al-Dīn al-Shīrāzī, Muḥammad ibn Ibrāhīm,</subfield><subfield code="d">d. 1641.</subfield><subfield code="t">Ḥikmah al-ʻarshīyah.</subfield></datafield><datafield tag="700" ind1="1" ind2="2"><subfield code="6">880-06</subfield><subfield code="a">Ṣadr al-Dīn al-Shīrāzī, Muḥammad ibn Ibrāhīm,</subfield><subfield code="d">d. 1641.</subfield><subfield code="t">Mashāʻir.</subfield></datafield><datafield tag="700" ind1="1" ind2=" "><subfield code="a">Heyworth-Dunne, J.</subfield><subfield code="q">(James),</subfield><subfield code="e">former owner.</subfield></datafield><datafield tag="773" ind1="0" ind2=" "><subfield code="a">Heyworth-Dunne Collection.</subfield></datafield><datafield tag="880" ind1="1" ind2="2"><subfield code="6">700-07/</subfield><subfield code="a">صدر الدين الشيرازي، محمد بن ابراهيم.</subfield><subfield code="t">حكمة العرشية.</subfield></datafield><datafield tag="880" ind1="1" ind2="2"><subfield code="6">700-06/</subfield><subfield code="a">صدر الدين الشيرازي، محمد بن ابراهيم.</subfield><subfield code="t">مشاعر.</subfield></datafield><datafield tag="880" ind1="1" ind2="0"><subfield code="6">245-03/</subfield><subfield code="a">[اسرار الآيات وانوار البينات ... الخ,</subfield><subfield code="f">193-؟م].</subfield></datafield><datafield tag="880" ind1="1" ind2=" "><subfield code="6">100-01/</subfield><subfield code="a">صدر الدن شىرازى، محمد بن ابراهيم.</subfield></datafield><datafield tag="CID" ind1=" " ind2=" "><subfield code="a">006825638</subfield></datafield><datafield tag="DAT" ind1="0" ind2=" "><subfield code="a">20190719102640.0</subfield><subfield code="b">20190719000000.0</subfield></datafield><datafield tag="DAT" ind1="1" ind2=" "><subfield code="a">20190719090653.0</subfield><subfield code="b">2019-07-19T16:10:56Z</subfield></datafield><datafield tag="DAT" ind1="2" ind2=" "><subfield code="a">2015-10-02T18:00:03Z</subfield></datafield><datafield tag="CAT" ind1=" " ind2=" "><subfield code="a">SDR-MIU</subfield><subfield code="d">EX LIBRIS - ALEPH</subfield><subfield code="l">prepare.pl-004-008</subfield></datafield><datafield tag="FMT" ind1=" " ind2=" "><subfield code="a">BK</subfield></datafield><datafield tag="HOL" ind1=" " ind2=" "><subfield code="0">sdr-miu006825638</subfield><subfield code="a">MiU</subfield><subfield code="b">SDR</subfield><subfield code="c">MIU</subfield><subfield code="p">mdp.39015079131036</subfield><subfield code="s">MIU</subfield><subfield code="1">006825638</subfield></datafield><datafield tag="974" ind1=" " ind2=" "><subfield code="b">MIU</subfield><subfield code="c">MIU</subfield><subfield code="d">20190719</subfield><subfield code="s">lit-dlps-dc</subfield><subfield code="u">mdp.39015079131036</subfield><subfield code="y">1939</subfield><subfield code="r">ic-world</subfield><subfield code="q">man</subfield></datafield></record></collection>